@article{south_africa_rationing,
    author = {Paul Sorensen},
    title = {The chronic water shortage in Cape Town and survival strategies},
    journal = {International Journal of Environmental Studies},
    volume = {74},
    number = {4},
    pages = {515-527},
    year = {2017},
    publisher = {Routledge},
    doi = {10.1080/00207233.2017.1335019},
    URL = { https://doi.org/10.1080/00207233.2017.1335019},
    eprint = {https://doi.org/10.1080/00207233.2017.1335019}
}