@article{south_africa_rationing,
    author = {Paul Sorensen},
    title = {The chronic water shortage in Cape Town and survival strategies},
    journal = {International Journal of Environmental Studies},
    volume = {74},
    number = {4},
    pages = {515-527},
    year = {2017},
    publisher = {Routledge},
    doi = {10.1080/00207233.2017.1335019},
    URL = { https://doi.org/10.1080/00207233.2017.1335019},
    eprint = {https://doi.org/10.1080/00207233.2017.1335019}
}

@misc{FAO2021,
  author = {FAO},
  note = {Accessed: 21.01.2024},
  title = {AQUASTAT Database},
  url = {http://www.fao.org/aquastat/statistics/query/index.html},
  year = {2021}
}

@misc{UN_SDG642,
  title        = {Sustainable Development Goal 6, Target 6.4: Indicator 6.4.2 - Water Stress: Freshwater Withdrawal in Proportion to Available Freshwater Resources},
  author       = {{United Nations}},
  year         = {2023},
  howpublished = {United Nations Sustainable Development Goals},
  note         = {Retrieved from [https://sdgs.un.org/goals/goal6]},
}

@article{Stringer2021,
title = {Climate change impacts on water security in global drylands},
journal = {One Earth},
volume = {4},
number = {6},
pages = {851-864},
year = {2021},
issn = {2590-3322},
doi = {https://doi.org/10.1016/j.oneear.2021.05.010},
url = {https://www.sciencedirect.com/science/article/pii/S2590332221002918},
author = {Lindsay C. Stringer and Alisher Mirzabaev and Tor A. Benjaminsen and Rebecca M.B. Harris and Mostafa Jafari and Tabea K. Lissner and Nicola Stevens and Cristina {Tirado-von der Pahlen}},
keywords = {adaptation, aridity, integrated water resources management, greening, browning, projections},
}

@article{Gosling2016,
title = {A global assessment of the impact of climate change on water scarcity},
journal = {Climatic Change},
volume = {134},
pages = {371-385},
year = {2016},
issn = {2590-3322},
doi = {https://doi.org/10.1007/s10584-013-0853-x},
author = {Simon N. Gosling and Nigel W. Arnell},
}

@misc{Precip_NOAA2022,
  title        = {Global precipitation: A 17-year monthly analysis based on gauge observations, satellite estimates, and numerical model outputs},
  author       = {P. Xie and P.A. Arkin},
  year         = {2022},
  howpublished = {NOAA National Centers for Environmental Information},
  note         = {Available at: \url{https://psl.noaa.gov/data/gridded/data.cmap.html}, Accessed: 21.01.2024}
}

@misc{Temp_NOAA2022,
  title        = {NOAA Global Surface Temperature Dataset (NOAAGlobalTemp)},
  author       = {R. S. Vose and B. Huang and X. Yin and D. Arndt and D. R. Easterling and J. H. Lawrimore and M. J. Menne and A. Sanchez-Lugo and H. M. Zhang},
  year         = {2022},
  howpublished = {NOAA National Centers for Environmental Information},
  note         = {Available at: \url{https://www.ncei.noaa.gov/data/noaa-global-surface-temperature/v5/access/gridded/}, Accessed: 21.01.2024}
}

@misc{TempTS_NOAA2023,
  title        = {The Global Anomalies and Index Data},
  author       = {NOAA},
  year         = {2023},
  howpublished = {NOAA National Centers for Environmental Information},
  note         = {Available at: \url{https://www.ncei.noaa.gov/access/monitoring/global-temperature-anomalies/anomalies}, Accessed: 21.01.2024}
}

@article {Blunden2020,
      author = "J. Blunden and T. Boyer",
      title = "State of the Climate in 2020",
      journal = "Bulletin of the American Meteorological Society",
      year = "2021",
      publisher = "American Meteorological Society",
      address = "Boston MA, USA",
      volume = "102",
      number = "8",
      doi = "10.1175/2021BAMSStateoftheClimate.1",
      pages=      "S1 - S475",
      url = "https://journals.ametsoc.org/view/journals/bams/102/8/2021BAMSStateoftheClimate.1.xml"
}

@article{Berghuijs2017,
  author = {Berghuijs, Wouter and Larsen, Josh and van Emmerik, Tim and Woods, Ross},
  year = {2017},
  month = {09},
  pages = {},
  title = {A Global Assessment of Runoff Sensitivity to Changes in Precipitation, Potential Evaporation, and Other Factors},
  volume = {53},
  journal = {Water Resources Research},
  doi = {10.1002/2017WR021593}
}

@article{Ostertagova2014,
author = {Ostertagova, Eva and Ostertag, Oskar and Kováč, Jozef},
year = {2014},
month = {08},
pages = {115-120},
title = {Methodology and Application of the Kruskal-Wallis Test},
volume = {611},
journal = {Applied Mechanics and Materials}
}

@article{Tortajada2019,
title = {Water demand management strategies for water-scarce cities: The case of Spain},
journal = {Sustainable Cities and Society},
volume = {45},
pages = {649-656},
year = {2019},
issn = {2210-6707},
doi = {https://doi.org/10.1016/j.scs.2018.11.044},
url = {https://www.sciencedirect.com/science/article/pii/S2210670718306498},
author = {Cecilia Tortajada and Francisco González-Gómez and Asit K. Biswas and Joost Buurman},
keywords = {Water demand management, Water-scarce cities, Pricing, Awareness and education, Spain}
}

@Inbook{Belhassan2021,
author="Belhassan, Kaltoum",
editor="Vaseashta, Ashok
and Maftei, Carmen",
title="Water Scarcity Management",
bookTitle="Water Safety, Security and Sustainability: Threat Detection and Mitigation",
year="2021",
publisher="Springer International Publishing",
address="Cham",
pages="443--462",
isbn="978-3-030-76008-3",
doi="10.1007/978-3-030-76008-3_19",
url="https://doi.org/10.1007/978-3-030-76008-3_19"
}

@article{JHansi2013Wastewater,
  title={Wastewater treatment and reuse: sustainability options},
  author={Jhansi, Seetharam Chittoor and Mishra, Santosh Kumar},
  journal={Consilience},
  number={10},
  pages={1--15},
  year={2013},
  publisher={JSTOR}
}

@BOOK{Programme2023,
	AUTHOR = {UNESCO, World Water Assessment},
	YEAR = {2023},
	TITLE = {The United Nations World Water Development Report - Partnerships and Cooperation for Water},
	EDITION = {},
	ISBN = {978-9-231-00576-3},
	PUBLISHER = {UNESCO Publishing},
	ADDRESS = {Paris},
}